@article{Demsar2016BalancedMixture,
    title = {{A Balanced Mixture of Antagonistic Pressures Promotes the Evolution of Parallel Movement}},
    year = {2016},
    journal = {Scientific Reports},
    author = {Dem{\v{s}}ar, Jure and {\v{S}}trumbelj, Erik and Lebar Bajec, Iztok},
    volume = {6},
    doi = {10.1038/srep39428}
}

@article{Demsar2017LinguisticEvolution,
    title = {{Evolution of Collective Behaviour in an Artificial World Using Linguistic Fuzzy Rule-Based Systems}},
    year = {2017},
    journal = {PLoS ONE},
    author = {Dem{\v{s}}ar, Jure and Lebar Bajec, Iztok},
    number = {1},
    pages = {1--20},
    volume = {12},
    doi = {10.1371/journal.pone.0168876}
}

@book{Corder2014Nonparametric,
    author = {Corder, G. W. and Foreman, D. I.},
    title = {Nonparametric Statistics: A Step-by-Step Approach},
    year = {2014},
    publisher = {Wiley},
    address = {Hoboken, NJ}
}

@book{MLPP,
    author = {{ Kevin P. Murphy}},
    title = {{Machine Learning: A Probabilistic Perspective}},
    publisher = {{The MIT Press}},
    year = {2012},
    pages = {544--551},
}

@book{ESL,
    author = {{ Trevor Hastie, Robert Tibshirani, Jerome Friedma}},
    title = {{The Elements of Statistical Learning: Data Mining, Inference, and Prediction}},
%    publisher = {{The MIT Press}},
    year = {2009},
    pages = {593--594},
}